--- COMMENTS may be placed outside the @ENTRYTYPE{ ... } stuctures
--- CMS guidelines
---- Every journal article citation should include the DOI, assuming one exists.
---- All URLs for CMS notes, ANs, etc, should refer to the CDS server, not the CMS server. Use our standard format for them, as shown below.
----  CMS Notes not available on CDS are regarded as private and may not be cited.
----  CMS physics papers (i.e., those intended for publication in journals) may reference only POG PASs, not PAG PASs.
---- For papers by collaborations, list the collaboration in the COLLABOROATION field and put the first author and "and others" in the AUTHOR field.
----  If only the collaboration is listed as the author, put "{XXX Collaboration}" under AUTHOR.
----  Note that we automatically replace the AUTHOR field with the collaboration name for ATLAS, CMS, LHCb, and ATLAS at submission time.
---- Other items:
----   PAGES: Please only list the first page, not the range.
----   ISSUE: Please do not include in most cases.
----   URL: Do not include this field if a DOI is available.
---- Number of authors to list:
----   PRL requests that we include all authors up to fifteen except for large collaborations, and we take this as our internal guide as well. If there
----   are more than fifteen, just list the first author + "and others", as above.
----   The individual journal bib style file (theirs, ours, PLB, etc.) will truncate at the appropriate point. We have ours set to _1_ for more than four.
---- Use only the URL field instead of embedding an href (this is a change in our practice).
---- A reference only published on the arXiv should be listed as UNPUBLISHED (with a note "Submitted to XXX" for large collaboration papers).
----   Experimental papers only on the arXiv and not submitted for publication may not be cited.
---- Some journals will lowercase the title: use {} to protect words which must be capitalized, e.g., {LHC}, {TeV}, {CERN}, {CMS}.
----  Do not escape the entire title as it will then clash with the journal style.
---- Journal names: the journals generally include the series in the journal name, "Physical Review D", vol 5, rather than PR D5
%
% Notes hosted only on CDS are listed as TECHREPORTs.
%
@TECHREPORT{CMS_AN_2006-027,
     AUTHOR       = "Belotelov, I. and Golutvin, I. and Bourilkov, D. and Lanyov, A. and Rogalev, E. and Savina, M. and Shmatov, S.",
     TITLE        = "Search for {ADD} extra dimensional gravity in di-muon channel with the {CMS} Detector",
     TYPE      = "CMS Note",
     NUMBER       = "2006/076",
     URL          = "http://cdsweb.cern.ch/record/962045",
     YEAR         = "2006"}
@TECHREPORT{CMS_NOTE_2006-106,
     AUTHOR       = "Aldaya, M. and Arce, P. and Caballero, J. and de la Cruz, B. and Garcia-Abia, P. and Hernandez, J. M. and Josa, M. I. and Ruiz, E.",
     TITLE        = "Discovery potential and search strategy for the Standard Model {H}iggs boson in the {$H\to ZZ^\star\to 4\mu$} decay channel using a mass-independent analysis",
     TYPE      = "CMS Note",
     NUMBER       = "2006/106",
     URL          = "http://cdsweb.cern.ch/record/962058",
     YEAR         = "2006"}
%
% standard article
%
@Article{Brandt:1997gi,
     author    = "Brandt, A. and others",
 collaboration = "UA8",
     title     = "Measurements of single diffraction at $\sqrt{s} =$ 630 {GeV}:
                  Evidence for  a non-linear $\alpha(t)$ of the pomeron",
     journal   = "Nucl. Phys. B",
     volume    = "514",
     year      = "1998",
     pages     = "3",
     SLACcitation  = "%%CITATION = HEP-EX 9710004;%%",
     doi       = "10.1016/S0550-3213(97)00813-4"
}
@ARTICLE{Buchmuller:1986zs,
     AUTHOR       = "Buchm{\"u}ller, W. and Wyler, D.",
     TITLE        = "Constraints on {SU(5)}-type leptoquarks",
     JOURNAL      = "Phys. Lett. B",
     VOLUME       = "177",
     YEAR         = "1986",
     pages        = "377",
     SLACcitation  = "%%CITATION = PHLTA,B191,442;%%",
     doi          = "10.1016/0370-2693(86)90771-9"}
@Article{PTDR2,
     author    = "{CMS Collaboration}",
     title     = "{CMS} technical design report, volume {II}: {Physics}
                  performance",
     journal   = "J. Phys. G",
     volume    = "34",
     year      = "2007",
     pages     = "995-1579",
     doi       = "10.1088/0954-3899/34/6/S01",
     SLACcitation  = "%%CITATION = JPHGB,G34,995;%%"
}
% PAS are now TECHREPORTS. Same for Notes. A formatted list of PASs is located in [svn]/utils/branches/dev/general/pasBib-tech.bib
@TECHREPORT{CMS-PAS-JME-10-003,
      AUTHOR      = "{CMS Collaboration}",
      COLLABORATION = {CMS},
      TITLE       = "Jet Performance in pp Collisions at $\sqrt{s}$=7 {TeV}",
      URL         = "http://cdsweb.cern.ch/record/1279362",
      TYPE     = "CMS Physics Analysis Summary",
      NUMBER      = "CMS-PAS-JME-10-003",
      YEAR        = "2010"
}
%SPIRES had this one as R. Adolphi, et. al. Wrong. Now corrected in InspireHEP.
@Article{Chatrchyan:2008zzk,
     author    = "Chatrchyan, S. and others",
     collaboration = "CMS",
     title     = "The {CMS} experiment at the {CERN} {LHC}",
     journal   = "JINST",
     volume    = "3",
     year      = "2008",
     pages     = "S08004",
     doi       = "10.1088/1748-0221/3/08/S08004",
     SLACcitation  = "%%CITATION = JINST,3,S08004;%%"
}
% An evergreen:
@article{Beringer:1900zz,
      author         = "{Particle Data Group} and Beringer, J. and others",
      title          = "{Review of Particle Physics}",
      journal        = "Phys. Rev. D",
      volume         = "86",
      pages          = "010001",
      doi            = "10.1103/PhysRevD.86.010001",
      year           = "2012",
      SLACcitation   = "%%CITATION = PHRVA,D86,010001;%%",
}
%
% An example of a document which only appears on arXiv. This one could alternatively be cited as a TECHREPORT using any of the various laboratory report numbers when hosted on a lab server:
% reportNumber   = "CERN-PH-EP-2010-095, FERMILAB-TM-2480-PPD, LEPEWWG-2010-01, TEVEWWG-2010-01, ALEPH-2010-001-PHYSICS-2010-001, CDF-NOTE-10338, D0-NOTE-6130, DELPHI-DELPHI-2010-001-PHYS-952, L3-NOTE-2837, OPAL-PR432, SLAC-PUB-14301",
%
@UNPUBLISHED{LEPewkfits,
     author = "{ALEPH, CDF, D0, DELPHI, L3, OPAL, SLD Collaborations,
                                    the LEP Electroweak Working Group, the Tevatron Electroweak Working Group, and the SLD Electroweak and Heavy Flavour Groups}",
     title     = "Precision electroweak measurements and constraints on
the {Standard Model}",
     URL       = "http://lepewwg.web.cern.ch/LEPEWWG",
     eprint    = "1012.2367",
     archivePrefix = "arXiv",
     primaryClass  =  "hep-ex",
     year  = "2010",
     SLACcitation  = "%%CITATION = 1012.2367;%%"
}
%
% A document hosted on a laboratory server
%
@TECHREPORT{Bertram:2000br,
  author = " Bertram, I. and Landsberg, G. and Linnemann, J. and Partridge, R. and Paterno, M. and Prosper, H. B.",
  title =  "A Recipe for the construction of confidence limits",
  institution = "Fermilab",
  number     = "{TM-2104}",
  url = "http://lss.fnal.gov/archive/test-tm/2000/fermilab-tm-2104.pdf",
  year = "2000"
 }
 %
 % A document included in Proceedings. PRL may want the ADDRESS field as well.
 %
@INPROCEEDINGS{RooStats,
  AUTHOR       = "Moneta, L. and Belasco, K. and  Cranmer, K. S. and Lazzaro, A. and Piparo, D. and Schott, G. and Verkerke, W. and Wolf, M. ",
  TITLE        = "The {R}oo{S}tats {P}roject",
  BOOKTITLE = "13$^\text{th}$ International Workshop on Advanced Computing and Analysis Techniques in Physics Research (ACAT2010)",
  YEAR         = "2010",
  PUBLISHER = "SISSA",
  NOTE = "{PoS(ACAT2010)057}",
  URL          = "http://pos.sissa.it/archive/conferences/093/057/ACAT2010_057.pdf",
  eprint = "1009.1003",
  primaryClass = "physics.data-an"
}
%
% CMS/ATLAS papers submitted but not yet accepted; The SLACcitation is not required. This is only for illustration, these are now published.
% Upon acceptance the note is modified and the DOI included (if available).
%
@Unpublished{Khachatryan:2010mp,
     author    = "{CMS Collaboration}",
     collaboration = "CMS",
     title     = "Search for Pair Production of First-Generation Scalar Leptoquarks in pp Collisions at $\sqrt{s} = 7$ {TeV}",
     note  = "Submitted to \textit{Phys. Rev. Lett.}",
     eprint    = "1012.4031",
     archivePrefix = "arXiv",
     primaryClass  =  "hep-ex",
     year = "2010",
     SLACcitation  = "%%CITATION = 1012.4031;%%"
}
@Unpublished{CMS-PAPER-MUO-10-004,
     author    = "{CMS Collaboration}",
     collaboration = "CMS",
     title     = "Performance of CMS muon reconstruction in pp collision events at $\sqrt{s} = 7$\TeV",
     note  = "Submitted to \textit{J. Inst.}",
     eprint    = "1206.4071",
     archivePrefix = "arXiv",
     primaryClass  =  "physics.ins-det",
     year = "2012",
}
@Unpublished{ATLAS:2011aa,
        Archiveprefix = {arXiv},
        Author = {{ATLAS Collaboration}},
        Collaboration = {ATLAS},
        Eprint = {1112.2577},
        Note = {Submitted to \textit{Phys. Rev. Lett.}},
        Primaryclass = {hep-ex},
        Slaccitation = {%%CITATION = 1112.2577;%%},
        Title = {Search for the {H}iggs boson in the {$H\to$WW(*)$\to \ell^+ \nu \ell^- \bar{\nu}$} decay channel in pp collisions at $\sqrt{s}$ = 7 {TeV} with the {ATLAS} detector},
        Year = {2011}}
% Misc
@Article{Cacciari:2008gp,
     AUTHOR    = "Cacciari, Matteo and Salam, Gavin P. and Soyez, Gregory",
     TITLE     = "The anti-$k_t$ jet clustering algorithm",
     JOURNAL   = "JHEP",
     VOLUME    = "04",
     YEAR      = "2008",
     PAGES     = "063",
     doi       = "10.1088/1126-6708/2008/04/063",
     eprint         = "0802.1189",
     archivePrefix  = "arXiv",
     primaryClass   = "hep-ex",
}
@Article{Sjostrand:2006za,
      author         = "Sj{\"o}strand, Torbj{\"o}rn and Mrenna, Stephen and Skands, Peter",
      title          = "{PYTHIA} 6.4 physics and manual",
      journal        = "JHEP",
      volume         = "05",
      pages          = "026",
      doi            = "10.1088/1126-6708/2006/05/026",
      year           = "2006",
      eprint         = "hep-ph/0603175",
      archivePrefix  = "arXiv",
      primaryClass   = "hep-ph",
      reportNumber   = "FERMILAB-PUB-06-052-CD-T, LU-TP-06-13",
      SLACcitation   = "%%CITATION = HEP-PH/0603175;%%",
}

#*************************My Refs**************************

@Article{anom-coups,
     AUTHOR    = "J. Aguilar-Saavedra",
     TITLE     = "A minimal set of top anomalous couplings",
     JOURNAL   = "Nucl.Phys.",
     VOLUME    = "B812",
     YEAR      = "2009",
     PAGES     = "181",
     doi       = "10.1016/j.nuclphysb.2008.12.012",
     eprint         = "0811.3842",
     archivePrefix  = "arXiv",
     primaryClass   = "hep-ex",
}

@Article{CDFttgamma,
     AUTHOR    = "CDF Collaboration",
     TITLE     = "Evidence for $t\bar{t}\gamma$ production and measurement of $\sigma_{t\bar{t}\gamma}/\sigma_{t\bar{t}}$",
     JOURNAL   = "Phys.Rev.",
     VOLUME    = "D48",
     YEAR      = "2011",
     PAGES     = "031104",
     doi       = "10.1103/PhysRevD.84.031104",
     eprint         = "1106.3970",
     archivePrefix  = "arXiv",
     primaryClass   = "hep-ex",
}

@Article{ATLASttgamma,
     AUTHOR    = "ATLAS Collaboration",
     TITLE     = "Measurement of the inclusive $t\bar{t}\gamma$ cross section with the ATLAS detector",
     JOURNAL   = "ATLAS CONF NOTE",
     VOLUME    = "CONF-2011-153",
     YEAR      = "2011",
     PAGES     = "",
     doi       = "",
     eprint         = "",
     archivePrefix  = "",
     primaryClass   = "hep-ex",
}

@Article{CMSexperiment,
     AUTHOR    = "CMS Collaboration",
     TITLE     = "The CMS experiment at the CERN LHC",
     JOURNAL   = "JINST",
     VOLUME    = "3",
     YEAR      = "2008",
     PAGES     = "S08004",
     doi       = "10.1088/1748-0221/3/08/S08004",
     eprint         = "",
     archivePrefix  = "",
     primaryClass   = "hep-ex",
}

@Article{WHIZARD,
     AUTHOR    = "W. Kilian, T. Ohl, and J. Reuter",
     TITLE     = "WHIZARD: Simulating multi-particle processes at LHC and ILC",
     JOURNAL   = "Eur.Phys.J.",
     VOLUME    = "C71",
     YEAR      = "2011",
     PAGES     = "1742",
     doi       = "10.1140/epjc/s10052-011-1742-y",
     eprint         = "0708.4233",
     archivePrefix  = "arXiv",
     primaryClass   = "hep-ex",
}

@Article{newgenpdf,
     AUTHOR    = "J. Pumplin et al",
     TITLE     = "New generation of parton distributions with uncertainties from global QCD analysis",
     JOURNAL   = "JHEP",
     VOLUME    = "0207",
     YEAR      = "2002",
     PAGES     = "012",
     doi       = "10.1088/1126-6708/2002/07/012",
     eprint         = "hep-ph/0201195",
     archivePrefix  = "arXiv",
     primaryClass   = "hep-ex",
}

@Article{pythia6.4,
     AUTHOR    = "T.Sj{\"o}strand,S.Mrenna,andP.Skands",
     TITLE     = "\PYTHIA 6.4 physics and manual",
     JOURNAL   = "JHEP",
     VOLUME    = "05",
     YEAR      = "2006",
     PAGES     = "026",
     doi       = "10.1088/1126-6708/2006/05/026",
     eprint         = "hep-ph/0603175",
     archivePrefix  = "arXiv",
     primaryClass   = "hep-ex",
}

@Article{tauola,
     AUTHOR    = "Z. Was",
     TITLE     = "Precision simulations with TAUOLA and PHOTOS",
     JOURNAL   = "Nucl.Phys.Proc.Suppl",
     VOLUME    = "169",
     YEAR      = "2007",
     PAGES     = "16",
     doi       = "10.1016/j.nuclphysbps.2007.02.113",
     eprint         = "hep-ph/0610386",
     archivePrefix  = "arXiv",
     primaryClass   = "hep-ex",
}

@Article{GEANT4,
     AUTHOR    = "GEANT4 Collaboration",
     TITLE     = "GEANT4: A simulation toolkit",
     JOURNAL   = "Nucl.Instrum.Meth.",
     VOLUME    = "A506",
     YEAR      = "2003",
     PAGES     = "250",
     doi       = "10.1016/S0168-9002(03)01368-8",
     eprint         = "",
     archivePrefix  = "",
     primaryClass   = "hep-ex",
}

@Article{QCDcorrttgamma,
     AUTHOR    = "K. Melnikov, M. Schulze, and A. Scharf",
     TITLE     = "QCD Corrections to top quark pair production in association with a photon at hadron colliders",
     JOURNAL   = "Phys.Rev.",
     VOLUME    = "D83",
     YEAR      = "2011",
     PAGES     = "074013",
     doi       = "10.1103/PhysRevD.83.074013",
     eprint         = "1102.1967",
     archivePrefix  = "arXiv",
     primaryClass   = "hep-ex",
}

@Article{MADGRAPH,
     AUTHOR    = "J. Alwall et al.",
     TITLE     = "MadGraph/MadEvent v4: The new web generation",
     JOURNAL   = "JHET",
     VOLUME    = "0709",
     YEAR      = "2007",
     PAGES     = "028",
     doi       = "10.1088/1126-6708/2007/09/028",
     eprint         = "0706.2334",
     archivePrefix  = "arXiv",
     primaryClass   = "hep-ex",
}

@Article{MEmatching,
     AUTHOR    = "M. L. Mangano, M. Moretti, F. Piccinini, and M. Treccani", 
     TITLE     = "Matching matrix elements and shower evolution for top-quark production in hadronic collision", 
     JOURNAL   = "JHEP", 
     VOLUME    = "0701", 
     YEAR      = "2007", 
     PAGES     = "013", 
     doi       = "10.1088/1126-6708/2007/01/013", 
     eprint         = "hep-ph/0611129", 
     archivePrefix  = "arXiv",
     primaryClass   = "hep-ex",
}
@Article{TotalTopXsection,
     AUTHOR    = "M. Czakon, P. Fiedler, and A. Mitov", 
     TITLE     = "The total top quark pair production cross-section at hadron colliders through $\mathcal{O}(\alpha^4_S)$", 
     JOURNAL   = "Phys.Rev.Lett.", 
     VOLUME    = "110", 
     YEAR      = "2013", 
     PAGES     = "252004", 
     doi       = "10.1103/PhysRevLett.110.252004", 
     eprint         = "1303.6254", 
     archivePrefix  = "arXiv",
     primaryClass   = "hep-ex",
}
@Article{POWHEG,
     AUTHOR    = "S. Frixione, P. Nason, and C. Oleari", 
     TITLE     = "Matching NLO QCD computations with parton shower simulations: the POWHEG method", 
     JOURNAL   = "JHEP", 
     VOLUME    = "0711", 
     YEAR      = "2007", 
     PAGES     = "070", 
     doi       = "10.1088/1126-6708/2007/11/070", 
     eprint         = "0709.2092", 
     archivePrefix  = "arXiv",
     primaryClass   = "hep-ex",
}
@Article{UELHC,
     AUTHOR    = "R. Field", 
     TITLE     = "Min-Bias and the underlying event at the LHC", 
     JOURNAL   = "Acta Phys.Polon.", 
     VOLUME    = "B42", 
     YEAR      = "2011", 
     PAGES     = "2631", 
     doi       = "10.5506/APhysPolB.42.2631", 
     eprint         = "1110.5530", 
     archivePrefix  = "arXiv",
     primaryClass   = "hep-ex",
}
@Article{NNLOcorrections,
     AUTHOR    = "N. Kidonakis", 
     TITLE     = "Next-to-next-to-leading-order collinear and soft gluon corrections for t-channel single top quark production", 
     JOURNAL   = "Phys.Rev.", 
     VOLUME    = "D83", 
     YEAR      = "2011", 
     PAGES     = "091503", 
     doi       = "10.1103/PhysRevD.83.091503", 
     eprint         = "1103.2792", 
     archivePrefix  = "arXiv",
     primaryClass   = "hep-ex",
}

@Article{JES,
     AUTHOR    = "CMS Collaboration",
     TITLE     = "Determination of jet energy calibration and transverse momentum resolution in CMS", 
     JOURNAL   = "JINST", 
     VOLUME    = "6", 
     YEAR      = "2011", 
     PAGES     = "P110022", 
     doi       = "10.1088/1748-0221/6/11/P11002", 
     eprint         = "1107.4277", 
     archivePrefix  = "arXiv",
     primaryClass   = "hep-ex",
}

@Article{ttbarXsection7TeV,
     AUTHOR    = "CMS Collaboration",
     TITLE     = "Measurement of the $t\bar{t}$ production cross section in pp collisions at 7 TeV in lepton + jets events using b-quark jet identification",
     JOURNAL   = "Phys.Rev.",
     VOLUME    = "D84",
     YEAR      = "2011",
     PAGES     = "092004",
     doi       = "10.1103/PhysRevD.84.092004",
     eprint         = "1108.3773",
     archivePrefix  = "arXiv",
     primaryClass   = "hep-ex",
}

@Article{PF,
     AUTHOR    = "CMS Colaboration",
     TITLE     = "Particle-flow event reconstruction in CMS and performance for jets, taus, and MET",
     JOURNAL   = "CMS Physics Analysis Summary",
     VOLUME    = "PFT-09-001",
     YEAR      = "2009",
     PAGES     = "",
     doi       = "",
     eprint         = "",
     archivePrefix  = "",
     primaryClass   = "hep-ex",
}

@Article{singlemueffs,
     AUTHOR    = "CMS Colaboration",
     TITLE     = "Single muon efficiencies in 2012 data",
     JOURNAL   = "Technical Report CMS DP-2013/009, CERN, Geneva",
     VOLUME    = "",
     YEAR      = "2013",
     PAGES     = "",
     doi       = "",
     eprint         = "",
     archivePrefix  = "arXiv",
     primaryClass   = "hep-ex",
}

@Article{muonRecoPerformance7TeV,
     AUTHOR    = "CMS Colaboration",
     TITLE     = "Performance of CMS muon reconstruction in pp collision events at s = 7 TeV",
     JOURNAL   = "JINST",
     VOLUME    = "7",
     YEAR      = "2012",
     PAGES     = "P10002",
     doi       = "10.1088/1748-0221/7/10/P10002",
     eprint         = "1206.4071",
     archivePrefix  = "arXiv",
     primaryClass   = "hep-ex",
}

@Article{antiKt,
     AUTHOR    = "M. Cacciari, G. P. Salam, and G. Soyez",
     TITLE     = "The anti-k(t) jet clustering algorithm",
     JOURNAL   = "JHEP",
     VOLUME    = "0804",
     YEAR      = "2008",
     PAGES     = "063",
     doi       = "10.1088/1126-6708/2008/04/063",
     eprint         = "0802.1189.",
     archivePrefix  = "arXiv",
     primaryClass   = "hep-ex",
}

@Article{Btagging,
     AUTHOR    = "CMS Colaboration",
     TITLE     = "b-Jet identification in the CMS experiment",
     JOURNAL   = "CMS Physics Analysis Summar",
     VOLUME    = "BTV-11-004",
     YEAR      = "2011",
     PAGES     = "",
     doi       = "",
     eprint         = "",
     archivePrefix  = "arXiv",
     primaryClass   = "hep-ex",
}

@Article{FittingMC,
     AUTHOR    = "R. J. Barlow and C. Beeston",
     TITLE     = "Fitting using finite Monte Carlo samples",
     JOURNAL   = "Comput.Phys.Commun.",
     VOLUME    = "77",
     YEAR      = "1993",
     PAGES     = "219",
     doi       = "10.1016/0010-4655(93)90005-W",
     eprint         = "",
     archivePrefix  = "arXiv",
     primaryClass   = "hep-ex",
}

@Article{ttbarXsectiondilepton,
     AUTHOR    = "CMS Colaboration",
     TITLE     = "Top pair cross section in dileptons",
     JOURNAL   = "CMS Physics Analysis Summary",
     VOLUME    = "TOP-12-007",
     YEAR      = "2012",
     PAGES     = "",
     doi       = "",
     eprint         = "",
     archivePrefix  = "arXiv",
     primaryClass   = "hep-ex",
}

@Article{QCDuncertCTEQ,
     AUTHOR    = "H.-L. Lai et al.",
     TITLE     = "Uncertainty induced by QCD coupling in the CTEQ global analysis of parton distributions",
     JOURNAL   = "Phys.Rev.",
     VOLUME    = "D82",
     YEAR      = "2010",
     PAGES     = "054021",
     doi       = "10.1103/PhysRevD.82.054021",
     eprint         = "1004.4624",
     archivePrefix  = "arXiv",
     primaryClass   = "hep-ex",
}

@Article{PDFLHCdata,
     AUTHOR    = "R. D. Ball et al.",
     TITLE     = "Parton distributions with LHC data",
     JOURNAL   = "Nucl.Phys.",
     VOLUME    = "B867",
     YEAR      = "2013",
     PAGES     = "244",
     doi       = "10.1016/j.nuclphysb.2012.10.003",
     eprint         = "1207.1303",
     archivePrefix  = "arXiv",
     primaryClass   = "hep-ex",
}

@Article{ppXsection7TeV,
     AUTHOR    = "TOTEM Collaboration",
     TITLE     = "First measurement of the total proton-proton cross section at the LHC energy of $\sqrt{s}=7\TeV$",
     JOURNAL   = "Europhys.Lett.",
     VOLUME    = "96",
     YEAR      = "2011",
     PAGES     = "21002",
     doi       = "10.1209/0295-5075/96/21002",
     eprint         = "1110.1395",
     archivePrefix  = "arXiv",
     primaryClass   = "hep-ex",
}

@Article{iDiffXsecttbar,
     AUTHOR    = "CMS Collaboration",
     TITLE     = "Measurement of the differential ttbar cross section in the lepton+jets channel at 8\TeV",
     JOURNAL   = "CMS Physics Analysis Summary",
     VOLUME    = "TOP-12-027",
     YEAR      = "2012",
     PAGES     = "",
     doi       = "",
     eprint         = "",
     archivePrefix  = "arXiv",
     primaryClass   = "hep-ex",
}

@Article{BoostedBtag,
     AUTHOR    = "CMS Collaboration",
     TITLE     = "Performance of b tagging at $\sqrt{s}=8 \TeV$ in Multijet, ttbar and Boosted Topology Events",
     JOURNAL   = "CMS Physics Analysis Summary",
     VOLUME    = "BTV-13-00",
     YEAR      = "2013",
     PAGES     = "",
     doi       = "",
     eprint         = "",
     archivePrefix  = "arXiv",
     primaryClass   = "hep-ex",
}

@Article{TopMass,
     AUTHOR    = "CMS Collaboration",
     TITLE     = "Combination of the CMS top-quark mass measurements from Run 1 of the LHC",
     JOURNAL   = "CMS Physics Analysis Summary",
     VOLUME    = "TOP-14-015",
     YEAR      = "2015",
     PAGES     = "",
     doi       = "",
     eprint         = "",
     archivePrefix  = "arXiv",
     primaryClass   = "hep-ex",
}

@Article{top-charge,
     AUTHOR    = "Y. Kuessel",
     TITLE     = "Constraints on the Top Quark’s Charge from Top Pair Events",
     JOURNAL   = "PhD Thesis",
     VOLUME    = "",
     YEAR      = "2012",
     PAGES     = "",
     doi       = "",
     eprint         = "",
     archivePrefix  = "arXiv",
     primaryClass   = "hep-ex",
}

@Article{topchargemeasurement,
     AUTHOR    = "U. Baur, M. Buice, and L. H. Orr",
     TITLE     = "“Direct Measurement of the Top Quark Charge at Hadron Colliders",
     JOURNAL   = "Phys.Rev.",
     VOLUME    = "D64",
     YEAR      = "2001",
     PAGES     = "094019",
     doi       = "",
     eprint         = "",
     archivePrefix  = "arXiv",
     primaryClass   = "hep-ex",
}


@Article{pidsemilept,
     AUTHOR    = "T. Hermanns", 
     TITLE     = "Studies at the CMS experiment on silicon microstrip module defects and on photon identification in semileptonic ttbar-events", 
     JOURNAL   = "http://cdsweb.cern.ch/record/1292768", 
     VOLUME    = "", 
     YEAR      = "2008", 
     PAGES     = "no. CERN-THESIS-2008-111", 
     doi       = "", 
     eprint         = "", 
     archivePrefix  = "arXiv",
     primaryClass   = "hep-ex",
}

@Article{topchargeconstraints,
     AUTHOR    = "T. C. Collaboration", 
     TITLE     = "Constraints on the Top-Quark Charge from Top-Pair Events", 
     JOURNAL   = "http://cdsweb.cern.ch/record/1429970", 
     VOLUME    = "", 
     YEAR      = "2012", 
     PAGES     = "no. CMS-PAS-TOP-11-031", 
     doi       = "", 
     eprint         = "", 
     archivePrefix  = "arXiv",
     primaryClass   = "hep-ex",
}

@Article{ATLAStopcharge,
     AUTHOR    = "T. A. Collaboration", 
     TITLE     = "Measurement of the top quark charge in pp collisions at $\sqrt{s} =7 \TeV$ in the ATLAS experiment.", 
     JOURNAL   = "http://cdsweb.cern.ch/record/1385517", 
     VOLUME    = "", 
     YEAR      = "2011", 
     PAGES     = "", 
     doi       = "", 
     eprint         = "", 
     archivePrefix  = "arXiv",
     primaryClass   = "hep-ex",
}

@Article{CDFD0combination,
     AUTHOR    = "T. CDF and D. Collaborations", 
     TITLE     = "Combination of CDF and D0 measurements of the W boson helicity in top quark decays", 
     JOURNAL   = "", 
     VOLUME    = "", 
     YEAR      = "2012", 
     PAGES     = "", 
     doi       = "1202.5272", 
     eprint         = "", 
     archivePrefix  = "arXiv",
     primaryClass   = "hep-ex",
}

@Article{Whelicitytoppair,
     AUTHOR    = "T. C. Collaboration", 
     TITLE     = "W helicity in top pair events", 
     JOURNAL   = "http://cdsweb.cern.ch/record/1423370", 
     VOLUME    = "", 
     YEAR      = "2012", 
     PAGES     = "no. CMS-PAS-TOP-11-020", 
     doi       = "", 
     eprint         = "", 
     archivePrefix  = "arXiv",
     primaryClass   = "hep-ex",
}

@Article{Wpolarisation,
     AUTHOR    = "T. A. Collaboratoin", 
     TITLE     = "Measurement of the W boson polarisation in top quark decays in 0.70 $fb^{−1}$ of pp collisions at $\sqrt{s}=7 \TeV$ with the ATLAS detector", 
     JOURNAL   = "http://cdsweb.cern.ch/record/1376422", 
     VOLUME    = "", 
     YEAR      = "2011", 
     PAGES     = "", 
     doi       = "", 
     eprint         = "", 
     archivePrefix  = "arXiv",
     primaryClass   = "hep-ex",
}

@Article{tsinglet,
     AUTHOR    = "C. Collaboration", 
     TITLE     = "“Measurement of the t-channel single top quark production cross-section in pp collisions at $\sqrt{s} = 7 \TeV$", 
     JOURNAL   = "Phys.Rev.Lett.107:091802", 
     VOLUME    = "", 
     YEAR      = "2011", 
     PAGES     = "", 
     doi       = "10.1103/PhysRevLett.107.091802.", 
     eprint         = "", 
     archivePrefix  = "arXiv",
     primaryClass   = "hep-ex",
}

@Article{singlet,
     AUTHOR    = "D. Collaboration", 
     TITLE     = "Measurements of single top quark production cross sections and $\abs{V_{tb}}$ in $p\bar{p}$ collisions at $\sqrt{s} = 1.96 \TeV$", 
     JOURNAL   = "arXiv:1108.3091", 
     VOLUME    = "", 
     YEAR      = "2011", 
     PAGES     = "", 
     doi       = "", 
     eprint         = "", 
     archivePrefix  = "arXiv",
     primaryClass   = "hep-ex",
}

@Article{vectorbosonassociatedproduction,
     AUTHOR    = "C. Collaboration", 
     TITLE     = "Measurement of the Associated Production of Vector Bosons with Top-Antitop Pairs at $\sqrt{s} 7 \TeV$", 
     JOURNAL   = "http://cdsweb.cern.ch/record/1460101 ", 
     VOLUME    = "", 
     YEAR      = "2012", 
     PAGES     = "no. CMS-PAS-TOP-12-014", 
     doi       = "", 
     eprint         = "", 
     archivePrefix  = "arXiv",
     primaryClass   = "hep-ex",
}

@Article{tqZ,
     AUTHOR    = "T. C. Collaboration", 
     TITLE     = "Search for t to Zq", 
     JOURNAL   = "http://cdsweb.cern.ch/record/1429971", 
     VOLUME    = "", 
     YEAR      = "2012", 
     PAGES     = "no. CMS-PAS-TOP-11-028", 
     doi       = "", 
     eprint         = "", 
     archivePrefix  = "arXiv",
     primaryClass   = "hep-ex",
}

@Article{FCNC,
     AUTHOR    = "T. A. Collaboration", 
     TITLE     = "Search for FCNC top quark processes at 7 $\TeV$ with the ATLAS detector", 
     JOURNAL   = "http://cdsweb.cern.ch/record/1345084", 
     VOLUME    = "", 
     YEAR      = "2011", 
     PAGES     = "", 
     doi       = "", 
     eprint         = "", 
     archivePrefix  = "arXiv",
     primaryClass   = "hep-ex",
}

@Article{linearcollider,
     AUTHOR    = "T. Abe", 
     TITLE     = "Linear Collider Physics Resource Book for Snowmass 2001", 
     JOURNAL   = "arXiv:hep-ex/0106055, arXiv:hep-ex/0106056, arXiv:hep-ex/0106057, arXiv:hep-ex/0106058", 
     VOLUME    = "", 
     YEAR      = "2001", 
     PAGES     = "", 
     doi       = "", 
     eprint         = "", 
     archivePrefix  = "arXiv",
     primaryClass   = "hep-ex",
}
@Article{heinerthesis,
     AUTHOR    = "H. J. A. Tholen and A. Stah", 
     TITLE     = "Study of the inclusive $t\bar{t}+\gamma$ cross-section with the CMS experiment", 
     JOURNAL   = "https://cds.cern.ch/record/1505276", 
     VOLUME    = "", 
     YEAR      = "2012", 
     PAGES     = "no. CERN-THESIS-2012-222", 
     doi       = "", 
     eprint         = "", 
     archivePrefix  = "arXiv",
     primaryClass   = "hep-ex",
}

@Article{,
     AUTHOR    = "", 
     TITLE     = "", 
     JOURNAL   = "", 
     VOLUME    = "", 
     YEAR      = "", 
     PAGES     = "", 
     doi       = "", 
     eprint         = "", 
     archivePrefix  = "arXiv",
     primaryClass   = "hep-ex",
}
@Article{,
     AUTHOR    = "", 
     TITLE     = "", 
     JOURNAL   = "", 
     VOLUME    = "", 
     YEAR      = "", 
     PAGES     = "", 
     doi       = "", 
     eprint         = "", 
     archivePrefix  = "arXiv",
     primaryClass   = "hep-ex",
}

@Article{,
     AUTHOR    = "", 
     TITLE     = "", 
     JOURNAL   = "", 
     VOLUME    = "", 
     YEAR      = "", 
     PAGES     = "", 
     doi       = "", 
     eprint         = "", 
     archivePrefix  = "arXiv",
     primaryClass   = "hep-ex",
}

@Article{,
     AUTHOR    = "", 
     TITLE     = "", 
     JOURNAL   = "", 
     VOLUME    = "", 
     YEAR      = "", 
     PAGES     = "", 
     doi       = "", 
     eprint         = "", 
     archivePrefix  = "arXiv",
     primaryClass   = "hep-ex",
}

@Article{,
     AUTHOR    = "", 
     TITLE     = "", 
     JOURNAL   = "", 
     VOLUME    = "", 
     YEAR      = "", 
     PAGES     = "", 
     doi       = "", 
     eprint         = "", 
     archivePrefix  = "arXiv",
     primaryClass   = "hep-ex",
}
